% Encoding: windows-1252

@MastersThesis{Behm2016,
  author = {Alexander Behm},
  title  = {Aufbau, Inbetriebnahme und Regelung eines inversen Pendels zu Demonstrationszwecken in Forschung und Lehre},
  school = {Leibniz Universität Hannover},
  year   = {2016},
}

@Book{Lunze2014,
  title     = {Regelungstechnik 1},
  publisher = {Springer Berlin Heidelberg},
  year      = {2014},
  author    = {Jan Lunze},
  doi       = {10.1007/978-3-642-53909-1},
}

@Book{Lunze2010,
  title     = {Regelungstechnik 2},
  publisher = {Springer Berlin Heidelberg},
  year      = {2010},
  author    = {Jan Lunze},
  doi       = {10.1007/978-3-642-10198-4},
}

@Article{Luo1995,
  author    = {Jia Luo and C. E. Lan},
  title     = {Determination of weighting matrices of a linear quadratic regulator},
  journal   = {Journal of Guidance, Control, and Dynamics},
  year      = {1995},
  volume    = {18},
  number    = {6},
  pages     = {1462--1463},
  month     = {nov},
  doi       = {10.2514/3.21569},
  publisher = {American Institute of Aeronautics and Astronautics ({AIAA})},
}

@Book{Adamy2014,
  title     = {Nichtlineare Systeme und Regelungen},
  publisher = {Springer-Verlag GmbH},
  year      = {2014},
  author    = {Adamy, Jürgen},
  isbn      = {3642450121},
  date      = {2014-07-31},
  ean       = {9783642450129},
  url       = {http://www.ebook.de/de/product/22487513/juergen_adamy_nichtlineare_systeme_und_regelungen.html},
}

@Book{Ortmaier2015,
  title     = {Skript zur Vorlesung Mechatronische Systeme},
  publisher = {Fakultät für Maschinenbau der Gottfried Wilhelm Leibniz Universität Institut für Mechatronische Systeme (imes), Institut für Mikroproduktionstechnik (IMPT)},
  year      = {2015},
  author    = {Tobias Ortmaier, Christian Hansen, Steffen Bosselmann, Lutz Rissing, Mathias Rechel, Daniel Klaas},
}

@Article{Welch2006,
  author  = {Greg Welch, Gary Bishop},
  title   = {An Introduction to the Kalman Filter},
  journal = {Department of Computer Science University of North Carolina at Chapel Hill},
  year    = {2006},
}

@Comment{jabref-meta: databaseType:bibtex;}
